<collection xmlns="http://www.loc.gov/MARC21/slim">
<record>
  <leader>04771nam0a2200733 i 450 </leader>
  <controlfield tag="001">IT\ICCU\CNCE\028932</controlfield>
  <controlfield tag="005">20081030000000.0</controlfield>
  <datafield tag="012" ind1=" " ind2=" ">
    <subfield code="a">lin- ei.a ,&amp;a- Dice (3) 1580 (R)</subfield>
    <subfield code="2">fei</subfield>
    <subfield code="9">1</subfield>
  </datafield>
  <datafield tag="012" ind1=" " ind2=" ">
    <subfield code="a">3838 a.ue seo- roci (3) 1580 (R)</subfield>
    <subfield code="2">fei</subfield>
    <subfield code="9">2</subfield>
  </datafield>
  <datafield tag="012" ind1=" " ind2=" ">
    <subfield code="a">tee, iae. i,so chgn (3) 1580 (R)</subfield>
    <subfield code="2">fei</subfield>
    <subfield code="9">3</subfield>
  </datafield>
  <datafield tag="012" ind1=" " ind2=" ">
    <subfield code="a">goi- uil- e.ac cofr (3) 1580 (R)</subfield>
    <subfield code="2">fei</subfield>
    <subfield code="9">4</subfield>
  </datafield>
  <datafield tag="100" ind1=" " ind2=" ">
    <subfield code="a">19971115d1580        0itac0103    ba</subfield>
  </datafield>
  <datafield tag="101" ind1=" " ind2=" ">
    <subfield code="a">ITA</subfield>
  </datafield>
  <datafield tag="102" ind1=" " ind2=" ">
    <subfield code="a">IT</subfield>
  </datafield>
  <datafield tag="200" ind1="1" ind2=" ">
    <subfield code="a">℗La ℗prima \-quarta! parte dell&apos;oratione, et meditatione, ... del r.p.f. Luigi di Granata dell&apos;Ordine de&apos; predicatori ... Nuouamente tradotta dalla lingua spagnuola per Gio. Battista Porcacchi</subfield>
  </datafield>
  <datafield tag="210" ind1=" " ind2=" ">
    <subfield code="a">In Vinegia</subfield>
    <subfield code="c">appresso Giorgio Angelieri</subfield>
    <subfield code="d">1580</subfield>
  </datafield>
  <datafield tag="215" ind1=" " ind2=" ">
    <subfield code="a">4 v.</subfield>
    <subfield code="c">ill.</subfield>
    <subfield code="d">4ʻ</subfield>
  </datafield>
  <datafield tag="300" ind1=" " ind2=" ">
    <subfield code="a">4: La quarta parte ... intitolata Specchio della vita humana ... Et vn breue confessionario del r.p.f. Francesco d&apos;Euia ... Nuouamente tradotta dalla lingua spagnuola nella nostra italiana da Camillo Camilli. - In Venetia : appresso Giorgio Angelieri, 1580</subfield>
  </datafield>
  <datafield tag="620" ind1=" " ind2=" ">
    <subfield code="a">IT</subfield>
    <subfield code="d">Venezia</subfield>
  </datafield>
  <datafield tag="700" ind1=" " ind2="0">
    <subfield code="a">Luis</subfield>
    <subfield code="c"> : de#Granada</subfield>
    <subfield code="3">IT\ICCU\CNCA\006726</subfield>
  </datafield>
  <datafield tag="702" ind1=" " ind2="1">
    <subfield code="a">Porcacchi,</subfield>
    <subfield code="b">Giovanni Battista</subfield>
    <subfield code="3">IT\ICCU\CNCA\010199</subfield>
  </datafield>
  <datafield tag="702" ind1=" " ind2="1">
    <subfield code="a">Hevia,</subfield>
    <subfield code="b">Francisco : de</subfield>
    <subfield code="3">IT\ICCU\CNCA\016242</subfield>
  </datafield>
  <datafield tag="702" ind1=" " ind2="1">
    <subfield code="a">Camilli,</subfield>
    <subfield code="b">Camillo</subfield>
    <subfield code="3">IT\ICCU\CNCA\000372</subfield>
  </datafield>
  <datafield tag="712" ind1="0" ind2="0">
    <subfield code="a">Angelieri, Giorgio</subfield>
    <subfield code="3">IT\ICCU\CNCT\000385</subfield>
    <subfield code="4">650</subfield>
  </datafield>
  <datafield tag="790" ind1=" " ind2="1">
    <subfield code="a">Granada,</subfield>
    <subfield code="b">Luis de</subfield>
    <subfield code="3">IT\ICCU\CNCA\014258</subfield>
    <subfield code="z">Luis : de#Granada</subfield>
  </datafield>
  <datafield tag="790" ind1=" " ind2="0">
    <subfield code="a">Ludovicus</subfield>
    <subfield code="c"> : Granatensis</subfield>
    <subfield code="3">IT\ICCU\CNCA\021326</subfield>
    <subfield code="z">Luis : de#Granada</subfield>
  </datafield>
  <datafield tag="790" ind1=" " ind2="1">
    <subfield code="a">Evia,</subfield>
    <subfield code="b">Francisco : de</subfield>
    <subfield code="3">IT\ICCU\CNCA\019736</subfield>
    <subfield code="z">Hevia, Francisco : de</subfield>
  </datafield>
  <datafield tag="790" ind1=" " ind2="1">
    <subfield code="a">Cammilli,</subfield>
    <subfield code="b">Cammillo</subfield>
    <subfield code="3">IT\ICCU\CNCA\026251</subfield>
    <subfield code="z">Camilli, Camillo</subfield>
  </datafield>
  <datafield tag="791" ind1="0" ind2="0">
    <subfield code="a">Angelerius, Georgius</subfield>
    <subfield code="3">IT\ICCU\CNCT\004246</subfield>
    <subfield code="z">Angelieri, Giorgio</subfield>
  </datafield>
  <datafield tag="801" ind1=" " ind2="3">
    <subfield code="a">IT</subfield>
    <subfield code="b">ICCU</subfield>
    <subfield code="c">20201114</subfield>
  </datafield>
  <datafield tag="899" ind1=" " ind2=" ">
    <subfield code="a">Biblioteca comunale Francesco Cini. Osimo</subfield>
    <subfield code="1">AN0054</subfield>
    <subfield code="2">URB B2</subfield>
  </datafield>
  <datafield tag="899" ind1=" " ind2=" ">
    <subfield code="a">Biblioteca comunale Planettiana. Jesi</subfield>
    <subfield code="1">AN0092</subfield>
    <subfield code="2">URB BC</subfield>
  </datafield>
  <datafield tag="899" ind1=" " ind2=" ">
    <subfield code="a">Biblioteca tomistica S. Alessio. Monsampolo del Tronto</subfield>
    <subfield code="1">AP0020</subfield>
    <subfield code="2">UMC B5</subfield>
  </datafield>
  <datafield tag="899" ind1=" " ind2=" ">
    <subfield code="a">Biblioteca comunale Aldo Gabrielli. Ripatransone</subfield>
    <subfield code="1">AP0035</subfield>
    <subfield code="2">UMC RI</subfield>
  </datafield>
  <datafield tag="899" ind1=" " ind2=" ">
    <subfield code="a">Biblioteca del Seminario vescovile. Asti</subfield>
    <subfield code="1">AT0005</subfield>
    <subfield code="2">TO0 45</subfield>
  </datafield>
  <datafield tag="899" ind1=" " ind2=" ">
    <subfield code="a">Biblioteca della Pontificia Facolt ̉teologica della Sardegna. Cagliari</subfield>
    <subfield code="z">MUTILO</subfield>
    <subfield code="1">CA0032</subfield>
    <subfield code="2">CAG PF</subfield>
  </datafield>
  <datafield tag="899" ind1=" " ind2=" ">
    <subfield code="a">Biblioteca comunale. Enna</subfield>
    <subfield code="z">MUTILO</subfield>
    <subfield code="1">EN0025</subfield>
    <subfield code="2">ZEN 01</subfield>
  </datafield>
  <datafield tag="899" ind1=" " ind2=" ">
    <subfield code="a">Biblioteca Apostolica Vaticana. Citt ̉del Vaticano</subfield>
    <subfield code="1">EX0001</subfield>
    <subfield code="2">ZCV 01</subfield>
  </datafield>
  <datafield tag="899" ind1=" " ind2=" ">
    <subfield code="a">Biblioteca Marucelliana. Firenze</subfield>
    <subfield code="z">MUTILO</subfield>
    <subfield code="1">FI0101</subfield>
    <subfield code="2">CFI MF</subfield>
  </datafield>
  <datafield tag="899" ind1=" " ind2=" ">
    <subfield code="a">Biblioteca dei Domenicani di S. Maria di Castello. Genova</subfield>
    <subfield code="1">GE0030</subfield>
    <subfield code="2">ZGE 03</subfield>
  </datafield>
  <datafield tag="899" ind1=" " ind2=" ">
    <subfield code="a">Biblioteca pubblica del Seminario teologico centrale. Gorizia</subfield>
    <subfield code="z">MUTILO</subfield>
    <subfield code="1">GO0020</subfield>
    <subfield code="2">ZGO 01</subfield>
  </datafield>
  <datafield tag="899" ind1=" " ind2=" ">
    <subfield code="a">Biblioteca dell&apos;Istituto teologico salesiano S. Tommaso d&apos;Aquino. Messina</subfield>
    <subfield code="z">MUTILO</subfield>
    <subfield code="1">ME0078</subfield>
    <subfield code="2">ZME 02</subfield>
  </datafield>
  <datafield tag="899" ind1=" " ind2=" ">
    <subfield code="a">Biblioteca provinciale dei frati minori cappuccini Madonna di Pompei. Messina</subfield>
    <subfield code="z">MUTILO</subfield>
    <subfield code="1">ME0179</subfield>
    <subfield code="2">MES FC</subfield>
  </datafield>
  <datafield tag="899" ind1=" " ind2=" ">
    <subfield code="a">Biblioteca comunale Teresiana. Mantova</subfield>
    <subfield code="1">MN0035</subfield>
    <subfield code="2">LO1 12</subfield>
  </datafield>
  <datafield tag="899" ind1=" " ind2=" ">
    <subfield code="a">Biblioteca universitaria. Napoli</subfield>
    <subfield code="z">MUTILO</subfield>
    <subfield code="1">NA0070</subfield>
    <subfield code="2">NAP BU</subfield>
  </datafield>
  <datafield tag="899" ind1=" " ind2=" ">
    <subfield code="a">Biblioteca provinciale Laurenziana. Napoli</subfield>
    <subfield code="z">MUTILO</subfield>
    <subfield code="1">NA0074</subfield>
    <subfield code="2">NAP 91</subfield>
  </datafield>
  <datafield tag="899" ind1=" " ind2=" ">
    <subfield code="a">Biblioteca della Pontificia Facolt ̉teologica dell&apos;Italia meridionale. Sezione S. Luigi. Napoli</subfield>
    <subfield code="1">NA0261</subfield>
    <subfield code="2">NAP FT</subfield>
  </datafield>
  <datafield tag="899" ind1=" " ind2=" ">
    <subfield code="a">Biblioteca Seminario vescovile S. Gaudenzio. Novara</subfield>
    <subfield code="z">MUTILO</subfield>
    <subfield code="1">NO0064</subfield>
    <subfield code="2">TO0 Y5</subfield>
  </datafield>
  <datafield tag="899" ind1=" " ind2=" ">
    <subfield code="a">Biblioteca centrale della Regione siciliana Alberto Bombace. Palermo</subfield>
    <subfield code="z">MUTILO</subfield>
    <subfield code="1">PA0064</subfield>
    <subfield code="2">PAL BP</subfield>
  </datafield>
  <datafield tag="899" ind1=" " ind2=" ">
    <subfield code="a">Biblioteca della Facolt ̉Teologica di Sicilia Mons. Cataldo Naro. Palermo</subfield>
    <subfield code="z">MUTILO</subfield>
    <subfield code="1">PA0257</subfield>
    <subfield code="2">ZPA 03</subfield>
  </datafield>
  <datafield tag="899" ind1=" " ind2=" ">
    <subfield code="a">Biblioteca comunale. Citerna</subfield>
    <subfield code="z">MUTILO</subfield>
    <subfield code="1">PG0028</subfield>
    <subfield code="2">UM1 67</subfield>
  </datafield>
  <datafield tag="899" ind1=" " ind2=" ">
    <subfield code="a">Biblioteca comunale Francesco Melosio. Citt ̉della Pieve</subfield>
    <subfield code="1">PG0031</subfield>
    <subfield code="2">UM1 14</subfield>
  </datafield>
  <datafield tag="899" ind1=" " ind2=" ">
    <subfield code="a">Biblioteca del Seminario diocesano di Concordia-Pordenone. Pordenone</subfield>
    <subfield code="1">PN0052</subfield>
    <subfield code="2">TSA SC</subfield>
  </datafield>
  <datafield tag="899" ind1=" " ind2=" ">
    <subfield code="a">Biblioteca centrale dell&apos;Area umanistica dell&apos;Universit ̉degli studi di Urbino. Urbino</subfield>
    <subfield code="1">PU0206</subfield>
    <subfield code="2">URB AU</subfield>
  </datafield>
  <datafield tag="899" ind1=" " ind2=" ">
    <subfield code="a">Biblioteca Lancisiana. Roma</subfield>
    <subfield code="z">MUTILO</subfield>
    <subfield code="1">RM0260</subfield>
    <subfield code="2">RMS H8</subfield>
  </datafield>
  <datafield tag="899" ind1=" " ind2=" ">
    <subfield code="a">Biblioteca Vallicelliana. Roma</subfield>
    <subfield code="1">RM0281</subfield>
    <subfield code="2">RML 08</subfield>
  </datafield>
  <datafield tag="899" ind1=" " ind2=" ">
    <subfield code="a">Biblioteca Casanatense. Roma</subfield>
    <subfield code="z">MUTILO</subfield>
    <subfield code="1">RM0313</subfield>
    <subfield code="2">RML 07</subfield>
  </datafield>
  <datafield tag="899" ind1=" " ind2=" ">
    <subfield code="a">Biblioteca dell&apos;Istituto sociale dei Padri Gesuiti. Torino</subfield>
    <subfield code="1">TO0872</subfield>
    <subfield code="2">TO0 62</subfield>
  </datafield>
  <datafield tag="899" ind1=" " ind2=" ">
    <subfield code="a">Biblioteca del Seminario arcivescovile di Milano. Venegono Inferiore</subfield>
    <subfield code="1">VA0122</subfield>
    <subfield code="2">ZVA 04</subfield>
  </datafield>
  <datafield tag="899" ind1=" " ind2=" ">
    <subfield code="a">Biblioteca civica. Vercelli</subfield>
    <subfield code="z">MUTILO</subfield>
    <subfield code="1">VC0073</subfield>
    <subfield code="2">TO0 A2</subfield>
  </datafield>
  <datafield tag="899" ind1=" " ind2=" ">
    <subfield code="a">Biblioteca consorziale di Viterbo. Viterbo</subfield>
    <subfield code="1">VT0116</subfield>
    <subfield code="2">RMS B3</subfield>
  </datafield>
  <datafield tag="899" ind1=" " ind2=" ">
    <subfield code="a">Biblioteca S. Domenico. Soriano Calabro</subfield>
    <subfield code="z">MUTILO</subfield>
    <subfield code="1">VV0036</subfield>
    <subfield code="2">ZVV 02</subfield>
  </datafield>
  <datafield tag="911" ind1=" " ind2=" ">
    <subfield code="a">sui front.</subfield>
    <subfield code="9">IT\ICCU\CNCM\000970</subfield>
  </datafield>
  <datafield tag="921" ind1=" " ind2=" ">
    <subfield code="a">IT\ICCU\CNCM\000970</subfield>
    <subfield code="b">Anfora inclinata da cui cadono gocce su una pianta. In cornice figurata</subfield>
    <subfield code="e">A poco a poco</subfield>
    <subfield code="c">U58</subfield>
    <subfield code="d">Dimensioni: 4,5 x 4</subfield>
    <subfield code="f">APOCOAPOCO</subfield>
    <subfield code="f">ANFORA</subfield>
    <subfield code="g">1580-1599</subfield>
  </datafield>
</record>
</collection>
